Best MLP and DT hybridisation method description
@article{VP,
    title = {Labai ilgas ir nuobodus pavadinimas apibendrinantis straipsnio
        turin\k{i} vietoje to, kad sukurt\k{u} \k{i}sp\-{Å«}d\k{i}},
    author = {Pavardenis, Vardenis and Pavardonis, Vardonis},
    journal = {Indekse auk\v{s}\v{c}iausias \v{z}urnalas},
    volume = {IV},
    year = {2014},
    pages = {1--15},
} 
